@article{collobert2011natural,
  title={Natural language processing (almost) from scratch},
    author={Collobert, Ronan and Weston, Jason and Bottou, L{\'e}on and Karlen, Michael and Kavukcuoglu, Koray and Kuksa, Pavel},
      journal={The Journal of Machine Learning Research},
        volume={12},
          pages={2493--2537},
            year={2011},
              publisher={JMLR. org},
                            url={http://arxiv.org/pdf/1103.0398}
              }


@inproceedings{wang2012baselines,
  title={Baselines and bigrams: Simple, good sentiment and topic classification},
    author={Wang, Sida and Manning, Christopher D},
      booktitle={Proceedings of the 50th Annual Meeting of the Association for Computational Linguistics: Short Papers-Volume 2},
        pages={90--94},
          year={2012},
            organization={Association for Computational Linguistics},
            url={http://www.aclweb.org/anthology/P/P12/P12-2.pdf#page=118}
            }

@article{berger1996maximum,
  title={A maximum entropy approach to natural language processing},
    author={Berger, Adam L and Pietra, Vincent J Della and Pietra, Stephen A Della},
      journal={Computational linguistics},
        volume={22},
          number={1},
            pages={39--71},
              year={1996},
                publisher={MIT Press},
                url={http://www.cs.columbia.edu/~jebara/6772/papers/maxent.pdf}
                }

@incollection{bottou2012stochastic,
  title={Stochastic gradient descent tricks},
    author={Bottou, L{\'e}on},
      booktitle={Neural Networks: Tricks of the Trade},
        pages={421--436},
          year={2012},
            publisher={Springer},
            url={http://link.springer.com/content/pdf/10.1007%2F978-3-642-35289-8.pdf}
}


@book{murphy2012machine,
          title={Machine learning: a probabilistic perspective},
            author={Murphy, Kevin P},
              year={2012},
                publisher={MIT press}
                }

@article{bengio2003nnlm,
           title={A Neural Probabilistic Language Model},
            author={Bengio, Yoshua and Ducharme, Rejean and Vincent, Pascal and Jauvin, Christian},
              journal={Journal of Machine Learning Research},
                volume={3},
                  pages={1137--1155},
                    year={2003},
                      url={www.jmlr.org/papers/volume3/bengio03a/bengio03a.pdf}
}

@article{hochreiter1997lstm,
            title={Long Short-Term Memory},
              author={Hochreiter, Sepp and Schmidhuber, J{\"u}rgen},
                journal={Neural Computation},
                  volume={9},
                    pages={1735--1780},
                      year={1997},
                        url={deeplearning.cs.cmu.edu/pdfs/hochreiter97_lstm.pdf}
}

@article{cho2014gru,
          title={Learning Phrase Representations Using RNN Encoder--Decoder For Statistical Machine Translation},
            author={Cho, Kyunghyun and Van Merri{\"e}nboer, Bart and G{\"u}lcehre, Caglar and Bahdanau, Dzmitry and Bougares, Fethi and Schwenk, Holger and Bengio, Yoshua},
              journal={EMNLP},
                year={2014},
                  month={October},
                    pages={1724--1734},
                      url={arxiv.org/pdf/1406.1807v3.pdf}
}
